%YAML 1.1
%TAG !u! tag:unity3d.com,2011:
--- !u!29 &1
OcclusionCullingSettings:
  m_ObjectHideFlags: 0
  serializedVersion: 2
  m_OcclusionBakeSettings:
    smallestOccluder: 5
    smallestHole: 0.25
    backfaceThreshold: 100
  m_SceneGUID: 00000000000000000000000000000000
  m_OcclusionCullingData: {fileID: 0}
--- !u!104 &2
RenderSettings:
  m_ObjectHideFlags: 0
  serializedVersion: 8
  m_Fog: 0
  m_FogColor: {r: 0.5, g: 0.5, b: 0.5, a: 1}
  m_FogMode: 3
  m_FogDensity: 0.01
  m_LinearFogStart: 0
  m_LinearFogEnd: 300
  m_AmbientSkyColor: {r: 0.212, g: 0.227, b: 0.259, a: 1}
  m_AmbientEquatorColor: {r: 0.114, g: 0.125, b: 0.133, a: 1}
  m_AmbientGroundColor: {r: 0.047, g: 0.043, b: 0.035, a: 1}
  m_AmbientIntensity: 1
  m_AmbientMode: 0
  m_SubtractiveShadowColor: {r: 0.42, g: 0.478, b: 0.627, a: 1}
  m_SkyboxMaterial: {fileID: 10304, guid: 0000000000000000f000000000000000, type: 0}
  m_HaloStrength: 0.5
  m_FlareStrength: 1
  m_FlareFadeSpeed: 3
  m_HaloTexture: {fileID: 0}
  m_SpotCookie: {fileID: 10001, guid: 0000000000000000e000000000000000, type: 0}
  m_DefaultReflectionMode: 0
  m_DefaultReflectionResolution: 128
  m_ReflectionBounces: 1
  m_ReflectionIntensity: 1
  m_CustomReflection: {fileID: 0}
  m_Sun: {fileID: 0}
  m_IndirectSpecularColor: {r: 0.45139718, g: 0.5004984, b: 0.5702206, a: 1}
--- !u!157 &3
LightmapSettings:
  m_ObjectHideFlags: 0
  serializedVersion: 11
  m_GIWorkflowMode: 0
  m_GISettings:
    serializedVersion: 2
    m_BounceScale: 1
    m_IndirectOutputScale: 1
    m_AlbedoBoost: 1
    m_TemporalCoherenceThreshold: 1
    m_EnvironmentLightingMode: 0
    m_EnableBakedLightmaps: 1
    m_EnableRealtimeLightmaps: 1
  m_LightmapEditorSettings:
    serializedVersion: 9
    m_Resolution: 2
    m_BakeResolution: 40
    m_TextureWidth: 1024
    m_TextureHeight: 1024
    m_AO: 0
    m_AOMaxDistance: 1
    m_CompAOExponent: 1
    m_CompAOExponentDirect: 0
    m_Padding: 2
    m_LightmapParameters: {fileID: 0}
    m_LightmapsBakeMode: 1
    m_TextureCompression: 1
    m_FinalGather: 0
    m_FinalGatherFiltering: 1
    m_FinalGatherRayCount: 256
    m_ReflectionCompression: 2
    m_MixedBakeMode: 2
    m_BakeBackend: 0
    m_PVRSampling: 1
    m_PVRDirectSampleCount: 32
    m_PVRSampleCount: 500
    m_PVRBounces: 2
    m_PVRFilterTypeDirect: 0
    m_PVRFilterTypeIndirect: 0
    m_PVRFilterTypeAO: 0
    m_PVRFilteringMode: 1
    m_PVRCulling: 1
    m_PVRFilteringGaussRadiusDirect: 1
    m_PVRFilteringGaussRadiusIndirect: 5
    m_PVRFilteringGaussRadiusAO: 2
    m_PVRFilteringAtrousPositionSigmaDirect: 0.5
    m_PVRFilteringAtrousPositionSigmaIndirect: 2
    m_PVRFilteringAtrousPositionSigmaAO: 1
    m_ShowResolutionOverlay: 1
  m_LightingDataAsset: {fileID: 0}
  m_UseShadowmask: 1
--- !u!196 &4
NavMeshSettings:
  serializedVersion: 2
  m_ObjectHideFlags: 0
  m_BuildSettings:
    serializedVersion: 2
    agentTypeID: 0
    agentRadius: 0.5
    agentHeight: 2
    agentSlope: 45
    agentClimb: 0.4
    ledgeDropHeight: 0
    maxJumpAcrossDistance: 0
    minRegionArea: 2
    manualCellSize: 0
    cellSize: 0.16666667
    manualTileSize: 0
    tileSize: 256
    accuratePlacement: 0
    debug:
      m_Flags: 0
  m_NavMeshData: {fileID: 0}
--- !u!1001 &1453476
Prefab:
  m_ObjectHideFlags: 0
  serializedVersion: 2
  m_Modification:
    m_TransformParent: {fileID: 2033726788}
    m_Modifications:
    - target: {fileID: 4826521612347194, guid: 7733bcb5f101aaa45ba616b1b354ce00, type: 2}
      propertyPath: m_LocalPosition.x
      value: 8.6
      objectReference: {fileID: 0}
    - target: {fileID: 4826521612347194, guid: 7733bcb5f101aaa45ba616b1b354ce00, type: 2}
      propertyPath: m_LocalPosition.y
      value: -1
      objectReference: {fileID: 0}
    - target: {fileID: 4826521612347194, guid: 7733bcb5f101aaa45ba616b1b354ce00, type: 2}
      propertyPath: m_LocalPosition.z
      value: -0
      objectReference: {fileID: 0}
    - target: {fileID: 4826521612347194, guid: 7733bcb5f101aaa45ba616b1b354ce00, type: 2}
      propertyPath: m_LocalRotation.x
      value: -0.70710677
      objectReference: {fileID: 0}
    - target: {fileID: 4826521612347194, guid: 7733bcb5f101aaa45ba616b1b354ce00, type: 2}
      propertyPath: m_LocalRotation.y
      value: 0
      objectReference: {fileID: 0}
    - target: {fileID: 4826521612347194, guid: 7733bcb5f101aaa45ba616b1b354ce00, type: 2}
      propertyPath: m_LocalRotation.z
      value: 0
      objectReference: {fileID: 0}
    - target: {fileID: 4826521612347194, guid: 7733bcb5f101aaa45ba616b1b354ce00, type: 2}
      propertyPath: m_LocalRotation.w
      value: 0.70710677
      objectReference: {fileID: 0}
    - target: {fileID: 4826521612347194, guid: 7733bcb5f101aaa45ba616b1b354ce00, type: 2}
      propertyPath: m_RootOrder
      value: 14
      objectReference: {fileID: 0}
    - target: {fileID: 4826521612347194, guid: 7733bcb5f101aaa45ba616b1b354ce00, type: 2}
      propertyPath: m_LocalEulerAnglesHint.x
      value: -90
      objectReference: {fileID: 0}
    - target: {fileID: 4826521612347194, guid: 7733bcb5f101aaa45ba616b1b354ce00, type: 2}
      propertyPath: m_LocalEulerAnglesHint.y
      value: -90
      objectReference: {fileID: 0}
    - target: {fileID: 4826521612347194, guid: 7733bcb5f101aaa45ba616b1b354ce00, type: 2}
      propertyPath: m_LocalEulerAnglesHint.z
      value: 90
      objectReference: {fileID: 0}
    m_RemovedComponents: []
  m_ParentPrefab: {fileID: 100100000, guid: 7733bcb5f101aaa45ba616b1b354ce00, type: 2}
  m_IsPrefabParent: 0
--- !u!1001 &20305500
Prefab:
  m_ObjectHideFlags: 0
  serializedVersion: 2
  m_Modification:
    m_TransformParent: {fileID: 2033726788}
    m_Modifications:
    - target: {fileID: 4342890956782254, guid: de87b494529c7a242a11961774654937, type: 2}
      propertyPath: m_LocalPosition.x
      value: 12.25
      objectReference: {fileID: 0}
    - target: {fileID: 4342890956782254, guid: de87b494529c7a242a11961774654937, type: 2}
      propertyPath: m_LocalPosition.y
      value: 0
      objectReference: {fileID: 0}
    - target: {fileID: 4342890956782254, guid: de87b494529c7a242a11961774654937, type: 2}
      propertyPath: m_LocalPosition.z
      value: 0
      objectReference: {fileID: 0}
    - target: {fileID: 4342890956782254, guid: de87b494529c7a242a11961774654937, type: 2}
      propertyPath: m_LocalRotation.x
      value: -0.7071068
      objectReference: {fileID: 0}
    - target: {fileID: 4342890956782254, guid: de87b494529c7a242a11961774654937, type: 2}
      propertyPath: m_LocalRotation.y
      value: -0
      objectReference: {fileID: 0}
    - target: {fileID: 4342890956782254, guid: de87b494529c7a242a11961774654937, type: 2}
      propertyPath: m_LocalRotation.z
      value: -0
      objectReference: {fileID: 0}
    - target: {fileID: 4342890956782254, guid: de87b494529c7a242a11961774654937, type: 2}
      propertyPath: m_LocalRotation.w
      value: 0.7071068
      objectReference: {fileID: 0}
    - target: {fileID: 4342890956782254, guid: de87b494529c7a242a11961774654937, type: 2}
      propertyPath: m_RootOrder
      value: 1
      objectReference: {fileID: 0}
    - target: {fileID: 4342890956782254, guid: de87b494529c7a242a11961774654937, type: 2}
      propertyPath: m_LocalScale.y
      value: 1
      objectReference: {fileID: 0}
    - target: {fileID: 4342890956782254, guid: de87b494529c7a242a11961774654937, type: 2}
      propertyPath: m_LocalScale.z
      value: 1
      objectReference: {fileID: 0}
    m_RemovedComponents: []
  m_ParentPrefab: {fileID: 100100000, guid: de87b494529c7a242a11961774654937, type: 2}
  m_IsPrefabParent: 0
--- !u!1001 &36456897
Prefab:
  m_ObjectHideFlags: 0
  serializedVersion: 2
  m_Modification:
    m_TransformParent: {fileID: 2033726788}
    m_Modifications:
    - target: {fileID: 4688608846180794, guid: 65b6e715477fb4c488cd5638d1394fe4, type: 2}
      propertyPath: m_LocalPosition.x
      value: 10.999
      objectReference: {fileID: 0}
    - target: {fileID: 4688608846180794, guid: 65b6e715477fb4c488cd5638d1394fe4, type: 2}
      propertyPath: m_LocalPosition.y
      value: 0
      objectReference: {fileID: 0}
    - target: {fileID: 4688608846180794, guid: 65b6e715477fb4c488cd5638d1394fe4, type: 2}
      propertyPath: m_LocalPosition.z
      value: 0
      objectReference: {fileID: 0}
    - target: {fileID: 4688608846180794, guid: 65b6e715477fb4c488cd5638d1394fe4, type: 2}
      propertyPath: m_LocalRotation.x
      value: -0.7071068
      objectReference: {fileID: 0}
    - target: {fileID: 4688608846180794, guid: 65b6e715477fb4c488cd5638d1394fe4, type: 2}
      propertyPath: m_LocalRotation.y
      value: -0
      objectReference: {fileID: 0}
    - target: {fileID: 4688608846180794, guid: 65b6e715477fb4c488cd5638d1394fe4, type: 2}
      propertyPath: m_LocalRotation.z
      value: -0
      objectReference: {fileID: 0}
    - target: {fileID: 4688608846180794, guid: 65b6e715477fb4c488cd5638d1394fe4, type: 2}
      propertyPath: m_LocalRotation.w
      value: 0.7071068
      objectReference: {fileID: 0}
    - target: {fileID: 4688608846180794, guid: 65b6e715477fb4c488cd5638d1394fe4, type: 2}
      propertyPath: m_RootOrder
      value: 0
      objectReference: {fileID: 0}
    - target: {fileID: 4688608846180794, guid: 65b6e715477fb4c488cd5638d1394fe4, type: 2}
      propertyPath: m_LocalScale.y
      value: 1
      objectReference: {fileID: 0}
    - target: {fileID: 4688608846180794, guid: 65b6e715477fb4c488cd5638d1394fe4, type: 2}
      propertyPath: m_LocalScale.z
      value: 1
      objectReference: {fileID: 0}
    m_RemovedComponents: []
  m_ParentPrefab: {fileID: 100100000, guid: 65b6e715477fb4c488cd5638d1394fe4, type: 2}
  m_IsPrefabParent: 0
--- !u!4 &169713086 stripped
Transform:
  m_PrefabParentObject: {fileID: 4108249452105622, guid: 8510cf2c18a5bd04b84719baa15640e8,
    type: 2}
  m_PrefabInternal: {fileID: 1337047614}
--- !u!1001 &261277852
Prefab:
  m_ObjectHideFlags: 0
  serializedVersion: 2
  m_Modification:
    m_TransformParent: {fileID: 2033726788}
    m_Modifications:
    - target: {fileID: 4714528396408212, guid: 47bb65812e918414591bfab02b2640c5, type: 2}
      propertyPath: m_LocalPosition.x
      value: 10.53
      objectReference: {fileID: 0}
    - target: {fileID: 4714528396408212, guid: 47bb65812e918414591bfab02b2640c5, type: 2}
      propertyPath: m_LocalPosition.y
      value: -7.13
      objectReference: {fileID: 0}
    - target: {fileID: 4714528396408212, guid: 47bb65812e918414591bfab02b2640c5, type: 2}
      propertyPath: m_LocalPosition.z
      value: 0
      objectReference: {fileID: 0}
    - target: {fileID: 4714528396408212, guid: 47bb65812e918414591bfab02b2640c5, type: 2}
      propertyPath: m_LocalRotation.x
      value: -0.7071068
      objectReference: {fileID: 0}
    - target: {fileID: 4714528396408212, guid: 47bb65812e918414591bfab02b2640c5, type: 2}
      propertyPath: m_LocalRotation.y
      value: -0
      objectReference: {fileID: 0}
    - target: {fileID: 4714528396408212, guid: 47bb65812e918414591bfab02b2640c5, type: 2}
      propertyPath: m_LocalRotation.z
      value: -0
      objectReference: {fileID: 0}
    - target: {fileID: 4714528396408212, guid: 47bb65812e918414591bfab02b2640c5, type: 2}
      propertyPath: m_LocalRotation.w
      value: 0.7071068
      objectReference: {fileID: 0}
    - target: {fileID: 4714528396408212, guid: 47bb65812e918414591bfab02b2640c5, type: 2}
      propertyPath: m_RootOrder
      value: 9
      objectReference: {fileID: 0}
    - target: {fileID: 4714528396408212, guid: 47bb65812e918414591bfab02b2640c5, type: 2}
      propertyPath: m_LocalScale.y
      value: 1
      objectReference: {fileID: 0}
    - target: {fileID: 4714528396408212, guid: 47bb65812e918414591bfab02b2640c5, type: 2}
      propertyPath: m_LocalScale.z
      value: 1
      objectReference: {fileID: 0}
    m_RemovedComponents: []
  m_ParentPrefab: {fileID: 100100000, guid: 47bb65812e918414591bfab02b2640c5, type: 2}
  m_IsPrefabParent: 0
--- !u!1 &323916868
GameObject:
  m_ObjectHideFlags: 0
  m_PrefabParentObject: {fileID: 0}
  m_PrefabInternal: {fileID: 0}
  serializedVersion: 5
  m_Component:
  - component: {fileID: 323916872}
  - component: {fileID: 323916871}
  - component: {fileID: 323916870}
  - component: {fileID: 323916869}
  m_Layer: 0
  m_Name: Main Camera
  m_TagString: MainCamera
  m_Icon: {fileID: 0}
  m_NavMeshLayer: 0
  m_StaticEditorFlags: 0
  m_IsActive: 1
--- !u!81 &323916869
AudioListener:
  m_ObjectHideFlags: 0
  m_PrefabParentObject: {fileID: 0}
  m_PrefabInternal: {fileID: 0}
  m_GameObject: {fileID: 323916868}
  m_Enabled: 1
--- !u!124 &323916870
Behaviour:
  m_ObjectHideFlags: 0
  m_PrefabParentObject: {fileID: 0}
  m_PrefabInternal: {fileID: 0}
  m_GameObject: {fileID: 323916868}
  m_Enabled: 1
--- !u!20 &323916871
Camera:
  m_ObjectHideFlags: 0
  m_PrefabParentObject: {fileID: 0}
  m_PrefabInternal: {fileID: 0}
  m_GameObject: {fileID: 323916868}
  m_Enabled: 1
  serializedVersion: 2
  m_ClearFlags: 2
  m_BackGroundColor: {r: 0.5514706, g: 0.5514706, b: 0.5514706, a: 0}
  m_NormalizedViewPortRect:
    serializedVersion: 2
    x: 0
    y: 0
    width: 1
    height: 1
  near clip plane: 0.3
  far clip plane: 1000
  field of view: 60
  orthographic: 0
  orthographic size: 5
  m_Depth: -1
  m_CullingMask:
    serializedVersion: 2
    m_Bits: 4294967295
  m_RenderingPath: 3
  m_TargetTexture: {fileID: 0}
  m_TargetDisplay: 0
  m_TargetEye: 3
  m_HDR: 1
  m_AllowMSAA: 1
  m_AllowDynamicResolution: 0
  m_ForceIntoRT: 0
  m_OcclusionCulling: 1
  m_StereoConvergence: 10
  m_StereoSeparation: 0.022
--- !u!4 &323916872
Transform:
  m_ObjectHideFlags: 0
  m_PrefabParentObject: {fileID: 0}
  m_PrefabInternal: {fileID: 0}
  m_GameObject: {fileID: 323916868}
  m_LocalRotation: {x: -0.0018053093, y: -0.047385905, z: 0.00012724691, w: -0.998875}
  m_LocalPosition: {x: 4.800671, y: -3.254702, z: -11.78}
  m_LocalScale: {x: 1, y: 1, z: 1}
  m_Children: []
  m_Father: {fileID: 0}
  m_RootOrder: 0
  m_LocalEulerAnglesHint: {x: 0, y: 0, z: 0}
--- !u!4 &326344453 stripped
Transform:
  m_PrefabParentObject: {fileID: 4165513900519036, guid: 49a021a8247694a41a4614d17c4ae4bc,
    type: 2}
  m_PrefabInternal: {fileID: 366563580}
--- !u!1001 &366563580
Prefab:
  m_ObjectHideFlags: 0
  serializedVersion: 2
  m_Modification:
    m_TransformParent: {fileID: 2033726788}
    m_Modifications:
    - target: {fileID: 4165513900519036, guid: 49a021a8247694a41a4614d17c4ae4bc, type: 2}
      propertyPath: m_LocalPosition.x
      value: 1.58
      objectReference: {fileID: 0}
    - target: {fileID: 4165513900519036, guid: 49a021a8247694a41a4614d17c4ae4bc, type: 2}
      propertyPath: m_LocalPosition.y
      value: -6.14
      objectReference: {fileID: 0}
    - target: {fileID: 4165513900519036, guid: 49a021a8247694a41a4614d17c4ae4bc, type: 2}
      propertyPath: m_LocalPosition.z
      value: 0
      objectReference: {fileID: 0}
    - target: {fileID: 4165513900519036, guid: 49a021a8247694a41a4614d17c4ae4bc, type: 2}
      propertyPath: m_LocalRotation.x
      value: -0.7071068
      objectReference: {fileID: 0}
    - target: {fileID: 4165513900519036, guid: 49a021a8247694a41a4614d17c4ae4bc, type: 2}
      propertyPath: m_LocalRotation.y
      value: -0
      objectReference: {fileID: 0}
    - target: {fileID: 4165513900519036, guid: 49a021a8247694a41a4614d17c4ae4bc, type: 2}
      propertyPath: m_LocalRotation.z
      value: -0
      objectReference: {fileID: 0}
    - target: {fileID: 4165513900519036, guid: 49a021a8247694a41a4614d17c4ae4bc, type: 2}
      propertyPath: m_LocalRotation.w
      value: 0.7071068
      objectReference: {fileID: 0}
    - target: {fileID: 4165513900519036, guid: 49a021a8247694a41a4614d17c4ae4bc, type: 2}
      propertyPath: m_RootOrder
      value: 7
      objectReference: {fileID: 0}
    - target: {fileID: 4165513900519036, guid: 49a021a8247694a41a4614d17c4ae4bc, type: 2}
      propertyPath: m_LocalScale.y
      value: 1
      objectReference: {fileID: 0}
    - target: {fileID: 4165513900519036, guid: 49a021a8247694a41a4614d17c4ae4bc, type: 2}
      propertyPath: m_LocalScale.z
      value: 1
      objectReference: {fileID: 0}
    m_RemovedComponents: []
  m_ParentPrefab: {fileID: 100100000, guid: 49a021a8247694a41a4614d17c4ae4bc, type: 2}
  m_IsPrefabParent: 0
--- !u!4 &425309050 stripped
Transform:
  m_PrefabParentObject: {fileID: 4342890956782254, guid: de87b494529c7a242a11961774654937,
    type: 2}
  m_PrefabInternal: {fileID: 20305500}
--- !u!4 &444648308 stripped
Transform:
  m_PrefabParentObject: {fileID: 4368156989821270, guid: 64118c4ca1d76c44ab103d1b4ade1d49,
    type: 2}
  m_PrefabInternal: {fileID: 1025015013}
--- !u!4 &445184235 stripped
Transform:
  m_PrefabParentObject: {fileID: 4714528396408212, guid: 47bb65812e918414591bfab02b2640c5,
    type: 2}
  m_PrefabInternal: {fileID: 261277852}
--- !u!4 &483261840 stripped
Transform:
  m_PrefabParentObject: {fileID: 4432210258381414, guid: 8bce7a82b24ffdb448cc0137ea8ee4b3,
    type: 2}
  m_PrefabInternal: {fileID: 1189601241}
--- !u!4 &494370182 stripped
Transform:
  m_PrefabParentObject: {fileID: 4625743266262004, guid: 7ad057459a0200a49b7e5975f27e55a2,
    type: 2}
  m_PrefabInternal: {fileID: 1601774466}
--- !u!4 &521325857 stripped
Transform:
  m_PrefabParentObject: {fileID: 4368968188966298, guid: d31adc0ee2383424199a544c95b1d306,
    type: 2}
  m_PrefabInternal: {fileID: 2088407656}
--- !u!1 &726144495
GameObject:
  m_ObjectHideFlags: 0
  m_PrefabParentObject: {fileID: 0}
  m_PrefabInternal: {fileID: 0}
  serializedVersion: 5
  m_Component:
  - component: {fileID: 726144497}
  - component: {fileID: 726144496}
  m_Layer: 0
  m_Name: Reflection Probe
  m_TagString: Untagged
  m_Icon: {fileID: 0}
  m_NavMeshLayer: 0
  m_StaticEditorFlags: 0
  m_IsActive: 1
--- !u!215 &726144496
ReflectionProbe:
  m_ObjectHideFlags: 0
  m_PrefabParentObject: {fileID: 0}
  m_PrefabInternal: {fileID: 0}
  m_GameObject: {fileID: 726144495}
  m_Enabled: 1
  serializedVersion: 2
  m_Type: 0
  m_Mode: 1
  m_RefreshMode: 0
  m_TimeSlicingMode: 0
  m_Resolution: 256
  m_UpdateFrequency: 0
  m_BoxSize: {x: 17, y: 14.9, z: 6.3}
  m_BoxOffset: {x: 0, y: 0, z: 0}
  m_NearClip: 0.3
  m_FarClip: 1000
  m_ShadowDistance: 100
  m_ClearFlags: 1
  m_BackGroundColor: {r: 0.19215687, g: 0.3019608, b: 0.4745098, a: 0}
  m_CullingMask:
    serializedVersion: 2
    m_Bits: 4294967295
  m_IntensityMultiplier: 1
  m_BlendDistance: 1
  m_HDR: 1
  m_BoxProjection: 0
  m_RenderDynamicObjects: 0
  m_UseOcclusionCulling: 1
  m_Importance: 1
  m_CustomBakedTexture: {fileID: 0}
--- !u!4 &726144497
Transform:
  m_ObjectHideFlags: 0
  m_PrefabParentObject: {fileID: 0}
  m_PrefabInternal: {fileID: 0}
  m_GameObject: {fileID: 726144495}
  m_LocalRotation: {x: 0, y: 0, z: 0, w: 1}
  m_LocalPosition: {x: 6.309788, y: -3.312389, z: 0.31}
  m_LocalScale: {x: 1, y: 1, z: 1}
  m_Children: []
  m_Father: {fileID: 0}
  m_RootOrder: 2
  m_LocalEulerAnglesHint: {x: 0, y: 0, z: 0}
--- !u!1 &799063641
GameObject:
  m_ObjectHideFlags: 0
  m_PrefabParentObject: {fileID: 0}
  m_PrefabInternal: {fileID: 0}
  serializedVersion: 5
  m_Component:
  - component: {fileID: 799063643}
  - component: {fileID: 799063642}
  m_Layer: 0
  m_Name: Directional Light
  m_TagString: Untagged
  m_Icon: {fileID: 0}
  m_NavMeshLayer: 0
  m_StaticEditorFlags: 0
  m_IsActive: 1
--- !u!108 &799063642
Light:
  m_ObjectHideFlags: 0
  m_PrefabParentObject: {fileID: 0}
  m_PrefabInternal: {fileID: 0}
  m_GameObject: {fileID: 799063641}
  m_Enabled: 1
  serializedVersion: 8
  m_Type: 1
  m_Color: {r: 1, g: 0.95686275, b: 0.8392157, a: 1}
  m_Intensity: 1
  m_Range: 10
  m_SpotAngle: 30
  m_CookieSize: 10
  m_Shadows:
    m_Type: 2
    m_Resolution: -1
    m_CustomResolution: -1
    m_Strength: 1
    m_Bias: 0.05
    m_NormalBias: 0.4
    m_NearPlane: 0.2
  m_Cookie: {fileID: 0}
  m_DrawHalo: 0
  m_Flare: {fileID: 0}
  m_RenderMode: 0
  m_CullingMask:
    serializedVersion: 2
    m_Bits: 4294967295
  m_Lightmapping: 4
  m_AreaSize: {x: 1, y: 1}
  m_BounceIntensity: 1
  m_ColorTemperature: 6570
  m_UseColorTemperature: 0
  m_ShadowRadius: 0
  m_ShadowAngle: 0
--- !u!4 &799063643
Transform:
  m_ObjectHideFlags: 0
  m_PrefabParentObject: {fileID: 0}
  m_PrefabInternal: {fileID: 0}
  m_GameObject: {fileID: 799063641}
  m_LocalRotation: {x: 0.1738886, y: -0.24539496, z: 0.29335603, w: 0.9074614}
  m_LocalPosition: {x: 0, y: 3, z: 0}
  m_LocalScale: {x: 1, y: 1, z: 1}
  m_Children: []
  m_Father: {fileID: 0}
  m_RootOrder: 1
  m_LocalEulerAnglesHint: {x: 27.359001, y: -22.743002, z: 30.224}
--- !u!1001 &936426758
Prefab:
  m_ObjectHideFlags: 0
  serializedVersion: 2
  m_Modification:
    m_TransformParent: {fileID: 2033726788}
    m_Modifications:
    - target: {fileID: 4528452102448506, guid: 102ecee0ba6f62148966cf8841d3e52c, type: 2}
      propertyPath: m_LocalPosition.x
      value: -0.39
      objectReference: {fileID: 0}
    - target: {fileID: 4528452102448506, guid: 102ecee0ba6f62148966cf8841d3e52c, type: 2}
      propertyPath: m_LocalPosition.y
      value: 0.07
      objectReference: {fileID: 0}
    - target: {fileID: 4528452102448506, guid: 102ecee0ba6f62148966cf8841d3e52c, type: 2}
      propertyPath: m_LocalPosition.z
      value: 0
      objectReference: {fileID: 0}
    - target: {fileID: 4528452102448506, guid: 102ecee0ba6f62148966cf8841d3e52c, type: 2}
      propertyPath: m_LocalRotation.x
      value: -0.7071068
      objectReference: {fileID: 0}
    - target: {fileID: 4528452102448506, guid: 102ecee0ba6f62148966cf8841d3e52c, type: 2}
      propertyPath: m_LocalRotation.y
      value: -0
      objectReference: {fileID: 0}
    - target: {fileID: 4528452102448506, guid: 102ecee0ba6f62148966cf8841d3e52c, type: 2}
      propertyPath: m_LocalRotation.z
      value: -0
      objectReference: {fileID: 0}
    - target: {fileID: 4528452102448506, guid: 102ecee0ba6f62148966cf8841d3e52c, type: 2}
      propertyPath: m_LocalRotation.w
      value: 0.7071068
      objectReference: {fileID: 0}
    - target: {fileID: 4528452102448506, guid: 102ecee0ba6f62148966cf8841d3e52c, type: 2}
      propertyPath: m_RootOrder
      value: 12
      objectReference: {fileID: 0}
    - target: {fileID: 4528452102448506, guid: 102ecee0ba6f62148966cf8841d3e52c, type: 2}
      propertyPath: m_LocalScale.y
      value: 1
      objectReference: {fileID: 0}
    - target: {fileID: 4528452102448506, guid: 102ecee0ba6f62148966cf8841d3e52c, type: 2}
      propertyPath: m_LocalScale.z
      value: 1
      objectReference: {fileID: 0}
    m_RemovedComponents: []
  m_ParentPrefab: {fileID: 100100000, guid: 102ecee0ba6f62148966cf8841d3e52c, type: 2}
  m_IsPrefabParent: 0
--- !u!1001 &951543214
Prefab:
  m_ObjectHideFlags: 0
  serializedVersion: 2
  m_Modification:
    m_TransformParent: {fileID: 2033726788}
    m_Modifications:
    - target: {fileID: 4894714722304860, guid: d033cf92b817a274791653c803832783, type: 2}
      propertyPath: m_LocalPosition.x
      value: 5.858
      objectReference: {fileID: 0}
    - target: {fileID: 4894714722304860, guid: d033cf92b817a274791653c803832783, type: 2}
      propertyPath: m_LocalPosition.y
      value: 0.91
      objectReference: {fileID: 0}
    - target: {fileID: 4894714722304860, guid: d033cf92b817a274791653c803832783, type: 2}
      propertyPath: m_LocalPosition.z
      value: -0
      objectReference: {fileID: 0}
    - target: {fileID: 4894714722304860, guid: d033cf92b817a274791653c803832783, type: 2}
      propertyPath: m_LocalRotation.x
      value: -0.7071068
      objectReference: {fileID: 0}
    - target: {fileID: 4894714722304860, guid: d033cf92b817a274791653c803832783, type: 2}
      propertyPath: m_LocalRotation.y
      value: -0
      objectReference: {fileID: 0}
    - target: {fileID: 4894714722304860, guid: d033cf92b817a274791653c803832783, type: 2}
      propertyPath: m_LocalRotation.z
      value: -0
      objectReference: {fileID: 0}
    - target: {fileID: 4894714722304860, guid: d033cf92b817a274791653c803832783, type: 2}
      propertyPath: m_LocalRotation.w
      value: 0.7071068
      objectReference: {fileID: 0}
    - target: {fileID: 4894714722304860, guid: d033cf92b817a274791653c803832783, type: 2}
      propertyPath: m_RootOrder
      value: 4
      objectReference: {fileID: 0}
    - target: {fileID: 4894714722304860, guid: d033cf92b817a274791653c803832783, type: 2}
      propertyPath: m_LocalScale.y
      value: 1
      objectReference: {fileID: 0}
    - target: {fileID: 4894714722304860, guid: d033cf92b817a274791653c803832783, type: 2}
      propertyPath: m_LocalScale.z
      value: 1
      objectReference: {fileID: 0}
    m_RemovedComponents: []
  m_ParentPrefab: {fileID: 100100000, guid: d033cf92b817a274791653c803832783, type: 2}
  m_IsPrefabParent: 0
--- !u!4 &991137304 stripped
Transform:
  m_PrefabParentObject: {fileID: 4194924739420122, guid: 83192457992617e45b8f22655490876f,
    type: 2}
  m_PrefabInternal: {fileID: 1924420470}
--- !u!1001 &1025015013
Prefab:
  m_ObjectHideFlags: 0
  serializedVersion: 2
  m_Modification:
    m_TransformParent: {fileID: 2033726788}
    m_Modifications:
    - target: {fileID: 4368156989821270, guid: 64118c4ca1d76c44ab103d1b4ade1d49, type: 2}
      propertyPath: m_LocalPosition.x
      value: 3.81
      objectReference: {fileID: 0}
    - target: {fileID: 4368156989821270, guid: 64118c4ca1d76c44ab103d1b4ade1d49, type: 2}
      propertyPath: m_LocalPosition.y
      value: -6.17
      objectReference: {fileID: 0}
    - target: {fileID: 4368156989821270, guid: 64118c4ca1d76c44ab103d1b4ade1d49, type: 2}
      propertyPath: m_LocalPosition.z
      value: 0
      objectReference: {fileID: 0}
    - target: {fileID: 4368156989821270, guid: 64118c4ca1d76c44ab103d1b4ade1d49, type: 2}
      propertyPath: m_LocalRotation.x
      value: -0.7071068
      objectReference: {fileID: 0}
    - target: {fileID: 4368156989821270, guid: 64118c4ca1d76c44ab103d1b4ade1d49, type: 2}
      propertyPath: m_LocalRotation.y
      value: -0
      objectReference: {fileID: 0}
    - target: {fileID: 4368156989821270, guid: 64118c4ca1d76c44ab103d1b4ade1d49, type: 2}
      propertyPath: m_LocalRotation.z
      value: -0
      objectReference: {fileID: 0}
    - target: {fileID: 4368156989821270, guid: 64118c4ca1d76c44ab103d1b4ade1d49, type: 2}
      propertyPath: m_LocalRotation.w
      value: 0.7071068
      objectReference: {fileID: 0}
    - target: {fileID: 4368156989821270, guid: 64118c4ca1d76c44ab103d1b4ade1d49, type: 2}
      propertyPath: m_RootOrder
      value: 8
      objectReference: {fileID: 0}
    - target: {fileID: 4368156989821270, guid: 64118c4ca1d76c44ab103d1b4ade1d49, type: 2}
      propertyPath: m_LocalScale.y
      value: 1
      objectReference: {fileID: 0}
    - target: {fileID: 4368156989821270, guid: 64118c4ca1d76c44ab103d1b4ade1d49, type: 2}
      propertyPath: m_LocalScale.z
      value: 1
      objectReference: {fileID: 0}
    m_RemovedComponents: []
  m_ParentPrefab: {fileID: 100100000, guid: 64118c4ca1d76c44ab103d1b4ade1d49, type: 2}
  m_IsPrefabParent: 0
--- !u!4 &1088788864 stripped
Transform:
  m_PrefabParentObject: {fileID: 4985358718388720, guid: 5a89930b99c1da749b250dc6de7b51de,
    type: 2}
  m_PrefabInternal: {fileID: 1177994969}
--- !u!1001 &1177994969
Prefab:
  m_ObjectHideFlags: 0
  serializedVersion: 2
  m_Modification:
    m_TransformParent: {fileID: 2033726788}
    m_Modifications:
    - target: {fileID: 4985358718388720, guid: 5a89930b99c1da749b250dc6de7b51de, type: 2}
      propertyPath: m_LocalPosition.x
      value: 2.598
      objectReference: {fileID: 0}
    - target: {fileID: 4985358718388720, guid: 5a89930b99c1da749b250dc6de7b51de, type: 2}
      propertyPath: m_LocalPosition.y
      value: 0
      objectReference: {fileID: 0}
    - target: {fileID: 4985358718388720, guid: 5a89930b99c1da749b250dc6de7b51de, type: 2}
      propertyPath: m_LocalPosition.z
      value: 0
      objectReference: {fileID: 0}
    - target: {fileID: 4985358718388720, guid: 5a89930b99c1da749b250dc6de7b51de, type: 2}
      propertyPath: m_LocalRotation.x
      value: -0.7071068
      objectReference: {fileID: 0}
    - target: {fileID: 4985358718388720, guid: 5a89930b99c1da749b250dc6de7b51de, type: 2}
      propertyPath: m_LocalRotation.y
      value: -0
      objectReference: {fileID: 0}
    - target: {fileID: 4985358718388720, guid: 5a89930b99c1da749b250dc6de7b51de, type: 2}
      propertyPath: m_LocalRotation.z
      value: -0
      objectReference: {fileID: 0}
    - target: {fileID: 4985358718388720, guid: 5a89930b99c1da749b250dc6de7b51de, type: 2}
      propertyPath: m_LocalRotation.w
      value: 0.7071068
      objectReference: {fileID: 0}
    - target: {fileID: 4985358718388720, guid: 5a89930b99c1da749b250dc6de7b51de, type: 2}
      propertyPath: m_RootOrder
      value: 5
      objectReference: {fileID: 0}
    - target: {fileID: 4985358718388720, guid: 5a89930b99c1da749b250dc6de7b51de, type: 2}
      propertyPath: m_LocalScale.y
      value: 1
      objectReference: {fileID: 0}
    - target: {fileID: 4985358718388720, guid: 5a89930b99c1da749b250dc6de7b51de, type: 2}
      propertyPath: m_LocalScale.z
      value: 1
      objectReference: {fileID: 0}
    m_RemovedComponents: []
  m_ParentPrefab: {fileID: 100100000, guid: 5a89930b99c1da749b250dc6de7b51de, type: 2}
  m_IsPrefabParent: 0
--- !u!1001 &1189601241
Prefab:
  m_ObjectHideFlags: 0
  serializedVersion: 2
  m_Modification:
    m_TransformParent: {fileID: 2033726788}
    m_Modifications:
    - target: {fileID: 4432210258381414, guid: 8bce7a82b24ffdb448cc0137ea8ee4b3, type: 2}
      propertyPath: m_LocalPosition.x
      value: 6.47
      objectReference: {fileID: 0}
    - target: {fileID: 4432210258381414, guid: 8bce7a82b24ffdb448cc0137ea8ee4b3, type: 2}
      propertyPath: m_LocalPosition.y
      value: -6.17
      objectReference: {fileID: 0}
    - target: {fileID: 4432210258381414, guid: 8bce7a82b24ffdb448cc0137ea8ee4b3, type: 2}
      propertyPath: m_LocalPosition.z
      value: 0
      objectReference: {fileID: 0}
    - target: {fileID: 4432210258381414, guid: 8bce7a82b24ffdb448cc0137ea8ee4b3, type: 2}
      propertyPath: m_LocalRotation.x
      value: -0.7071068
      objectReference: {fileID: 0}
    - target: {fileID: 4432210258381414, guid: 8bce7a82b24ffdb448cc0137ea8ee4b3, type: 2}
      propertyPath: m_LocalRotation.y
      value: -0
      objectReference: {fileID: 0}
    - target: {fileID: 4432210258381414, guid: 8bce7a82b24ffdb448cc0137ea8ee4b3, type: 2}
      propertyPath: m_LocalRotation.z
      value: -0
      objectReference: {fileID: 0}
    - target: {fileID: 4432210258381414, guid: 8bce7a82b24ffdb448cc0137ea8ee4b3, type: 2}
      propertyPath: m_LocalRotation.w
      value: 0.7071068
      objectReference: {fileID: 0}
    - target: {fileID: 4432210258381414, guid: 8bce7a82b24ffdb448cc0137ea8ee4b3, type: 2}
      propertyPath: m_RootOrder
      value: 16
      objectReference: {fileID: 0}
    - target: {fileID: 4432210258381414, guid: 8bce7a82b24ffdb448cc0137ea8ee4b3, type: 2}
      propertyPath: m_LocalScale.y
      value: 1
      objectReference: {fileID: 0}
    - target: {fileID: 4432210258381414, guid: 8bce7a82b24ffdb448cc0137ea8ee4b3, type: 2}
      propertyPath: m_LocalScale.z
      value: 1
      objectReference: {fileID: 0}
    m_RemovedComponents: []
  m_ParentPrefab: {fileID: 100100000, guid: 8bce7a82b24ffdb448cc0137ea8ee4b3, type: 2}
  m_IsPrefabParent: 0
--- !u!1001 &1295055694
Prefab:
  m_ObjectHideFlags: 0
  serializedVersion: 2
  m_Modification:
    m_TransformParent: {fileID: 2033726788}
    m_Modifications:
    - target: {fileID: 4932889332286940, guid: c3e8534306962db4dba7e8054b633a20, type: 2}
      propertyPath: m_LocalPosition.x
      value: 0.45
      objectReference: {fileID: 0}
    - target: {fileID: 4932889332286940, guid: c3e8534306962db4dba7e8054b633a20, type: 2}
      propertyPath: m_LocalPosition.y
      value: -6.17
      objectReference: {fileID: 0}
    - target: {fileID: 4932889332286940, guid: c3e8534306962db4dba7e8054b633a20, type: 2}
      propertyPath: m_LocalPosition.z
      value: 0
      objectReference: {fileID: 0}
    - target: {fileID: 4932889332286940, guid: c3e8534306962db4dba7e8054b633a20, type: 2}
      propertyPath: m_LocalRotation.x
      value: -0.7071068
      objectReference: {fileID: 0}
    - target: {fileID: 4932889332286940, guid: c3e8534306962db4dba7e8054b633a20, type: 2}
      propertyPath: m_LocalRotation.y
      value: -0
      objectReference: {fileID: 0}
    - target: {fileID: 4932889332286940, guid: c3e8534306962db4dba7e8054b633a20, type: 2}
      propertyPath: m_LocalRotation.z
      value: -0
      objectReference: {fileID: 0}
    - target: {fileID: 4932889332286940, guid: c3e8534306962db4dba7e8054b633a20, type: 2}
      propertyPath: m_LocalRotation.w
      value: 0.7071068
      objectReference: {fileID: 0}
    - target: {fileID: 4932889332286940, guid: c3e8534306962db4dba7e8054b633a20, type: 2}
      propertyPath: m_RootOrder
      value: 10
      objectReference: {fileID: 0}
    - target: {fileID: 4932889332286940, guid: c3e8534306962db4dba7e8054b633a20, type: 2}
      propertyPath: m_LocalScale.y
      value: 1
      objectReference: {fileID: 0}
    - target: {fileID: 4932889332286940, guid: c3e8534306962db4dba7e8054b633a20, type: 2}
      propertyPath: m_LocalScale.z
      value: 1
      objectReference: {fileID: 0}
    m_RemovedComponents: []
  m_ParentPrefab: {fileID: 100100000, guid: c3e8534306962db4dba7e8054b633a20, type: 2}
  m_IsPrefabParent: 0
--- !u!1001 &1337047614
Prefab:
  m_ObjectHideFlags: 0
  serializedVersion: 2
  m_Modification:
    m_TransformParent: {fileID: 2033726788}
    m_Modifications:
    - target: {fileID: 4108249452105622, guid: 8510cf2c18a5bd04b84719baa15640e8, type: 2}
      propertyPath: m_LocalPosition.x
      value: 3.828
      objectReference: {fileID: 0}
    - target: {fileID: 4108249452105622, guid: 8510cf2c18a5bd04b84719baa15640e8, type: 2}
      propertyPath: m_LocalPosition.y
      value: 0
      objectReference: {fileID: 0}
    - target: {fileID: 4108249452105622, guid: 8510cf2c18a5bd04b84719baa15640e8, type: 2}
      propertyPath: m_LocalPosition.z
      value: 0
      objectReference: {fileID: 0}
    - target: {fileID: 4108249452105622, guid: 8510cf2c18a5bd04b84719baa15640e8, type: 2}
      propertyPath: m_LocalRotation.x
      value: -0.7071068
      objectReference: {fileID: 0}
    - target: {fileID: 4108249452105622, guid: 8510cf2c18a5bd04b84719baa15640e8, type: 2}
      propertyPath: m_LocalRotation.y
      value: -0
      objectReference: {fileID: 0}
    - target: {fileID: 4108249452105622, guid: 8510cf2c18a5bd04b84719baa15640e8, type: 2}
      propertyPath: m_LocalRotation.z
      value: -0
      objectReference: {fileID: 0}
    - target: {fileID: 4108249452105622, guid: 8510cf2c18a5bd04b84719baa15640e8, type: 2}
      propertyPath: m_LocalRotation.w
      value: 0.7071068
      objectReference: {fileID: 0}
    - target: {fileID: 4108249452105622, guid: 8510cf2c18a5bd04b84719baa15640e8, type: 2}
      propertyPath: m_RootOrder
      value: 13
      objectReference: {fileID: 0}
    - target: {fileID: 4108249452105622, guid: 8510cf2c18a5bd04b84719baa15640e8, type: 2}
      propertyPath: m_LocalScale.y
      value: 1
      objectReference: {fileID: 0}
    - target: {fileID: 4108249452105622, guid: 8510cf2c18a5bd04b84719baa15640e8, type: 2}
      propertyPath: m_LocalScale.z
      value: 1
      objectReference: {fileID: 0}
    m_RemovedComponents: []
  m_ParentPrefab: {fileID: 100100000, guid: 8510cf2c18a5bd04b84719baa15640e8, type: 2}
  m_IsPrefabParent: 0
--- !u!1001 &1352981600
Prefab:
  m_ObjectHideFlags: 0
  serializedVersion: 2
  m_Modification:
    m_TransformParent: {fileID: 2033726788}
    m_Modifications:
    - target: {fileID: 4827163422908618, guid: ce677aed076b901428c07b00d8acbebf, type: 2}
      propertyPath: m_LocalPosition.x
      value: 8.83
      objectReference: {fileID: 0}
    - target: {fileID: 4827163422908618, guid: ce677aed076b901428c07b00d8acbebf, type: 2}
      propertyPath: m_LocalPosition.y
      value: -5.93
      objectReference: {fileID: 0}
    - target: {fileID: 4827163422908618, guid: ce677aed076b901428c07b00d8acbebf, type: 2}
      propertyPath: m_LocalPosition.z
      value: 0
      objectReference: {fileID: 0}
    - target: {fileID: 4827163422908618, guid: ce677aed076b901428c07b00d8acbebf, type: 2}
      propertyPath: m_LocalRotation.x
      value: -0.7071068
      objectReference: {fileID: 0}
    - target: {fileID: 4827163422908618, guid: ce677aed076b901428c07b00d8acbebf, type: 2}
      propertyPath: m_LocalRotation.y
      value: -0
      objectReference: {fileID: 0}
    - target: {fileID: 4827163422908618, guid: ce677aed076b901428c07b00d8acbebf, type: 2}
      propertyPath: m_LocalRotation.z
      value: -0
      objectReference: {fileID: 0}
    - target: {fileID: 4827163422908618, guid: ce677aed076b901428c07b00d8acbebf, type: 2}
      propertyPath: m_LocalRotation.w
      value: 0.7071068
      objectReference: {fileID: 0}
    - target: {fileID: 4827163422908618, guid: ce677aed076b901428c07b00d8acbebf, type: 2}
      propertyPath: m_RootOrder
      value: 17
      objectReference: {fileID: 0}
    - target: {fileID: 4827163422908618, guid: ce677aed076b901428c07b00d8acbebf, type: 2}
      propertyPath: m_LocalScale.y
      value: 1
      objectReference: {fileID: 0}
    - target: {fileID: 4827163422908618, guid: ce677aed076b901428c07b00d8acbebf, type: 2}
      propertyPath: m_LocalScale.z
      value: 1
      objectReference: {fileID: 0}
    m_RemovedComponents: []
  m_ParentPrefab: {fileID: 100100000, guid: ce677aed076b901428c07b00d8acbebf, type: 2}
  m_IsPrefabParent: 0
--- !u!4 &1403393613 stripped
Transform:
  m_PrefabParentObject: {fileID: 4782770618699698, guid: 039b245f730271a43a54734eac834fe0,
    type: 2}
  m_PrefabInternal: {fileID: 1740016884}
--- !u!4 &1434306977 stripped
Transform:
  m_PrefabParentObject: {fileID: 4688608846180794, guid: 65b6e715477fb4c488cd5638d1394fe4,
    type: 2}
  m_PrefabInternal: {fileID: 36456897}
--- !u!4 &1507961831 stripped
Transform:
  m_PrefabParentObject: {fileID: 4827163422908618, guid: ce677aed076b901428c07b00d8acbebf,
    type: 2}
  m_PrefabInternal: {fileID: 1352981600}
--- !u!4 &1554123094 stripped
Transform:
  m_PrefabParentObject: {fileID: 4894714722304860, guid: d033cf92b817a274791653c803832783,
    type: 2}
  m_PrefabInternal: {fileID: 951543214}
--- !u!4 &1584902941 stripped
Transform:
  m_PrefabParentObject: {fileID: 4826521612347194, guid: 7733bcb5f101aaa45ba616b1b354ce00,
    type: 2}
  m_PrefabInternal: {fileID: 1453476}
--- !u!1001 &1601774466
Prefab:
  m_ObjectHideFlags: 0
  serializedVersion: 2
  m_Modification:
    m_TransformParent: {fileID: 2033726788}
    m_Modifications:
    - target: {fileID: 4625743266262004, guid: 7ad057459a0200a49b7e5975f27e55a2, type: 2}
      propertyPath: m_LocalPosition.x
      value: 9.934
      objectReference: {fileID: 0}
    - target: {fileID: 4625743266262004, guid: 7ad057459a0200a49b7e5975f27e55a2, type: 2}
      propertyPath: m_LocalPosition.y
      value: 0
      objectReference: {fileID: 0}
    - target: {fileID: 4625743266262004, guid: 7ad057459a0200a49b7e5975f27e55a2, type: 2}
      propertyPath: m_LocalPosition.z
      value: 0
      objectReference: {fileID: 0}
    - target: {fileID: 4625743266262004, guid: 7ad057459a0200a49b7e5975f27e55a2, type: 2}
      propertyPath: m_LocalRotation.x
      value: -0.7071068
      objectReference: {fileID: 0}
    - target: {fileID: 4625743266262004, guid: 7ad057459a0200a49b7e5975f27e55a2, type: 2}
      propertyPath: m_LocalRotation.y
      value: -0
      objectReference: {fileID: 0}
    - target: {fileID: 4625743266262004, guid: 7ad057459a0200a49b7e5975f27e55a2, type: 2}
      propertyPath: m_LocalRotation.z
      value: -0
      objectReference: {fileID: 0}
    - target: {fileID: 4625743266262004, guid: 7ad057459a0200a49b7e5975f27e55a2, type: 2}
      propertyPath: m_LocalRotation.w
      value: 0.7071068
      objectReference: {fileID: 0}
    - target: {fileID: 4625743266262004, guid: 7ad057459a0200a49b7e5975f27e55a2, type: 2}
      propertyPath: m_RootOrder
      value: 6
      objectReference: {fileID: 0}
    - target: {fileID: 4625743266262004, guid: 7ad057459a0200a49b7e5975f27e55a2, type: 2}
      propertyPath: m_LocalScale.y
      value: 1
      objectReference: {fileID: 0}
    - target: {fileID: 4625743266262004, guid: 7ad057459a0200a49b7e5975f27e55a2, type: 2}
      propertyPath: m_LocalScale.z
      value: 1
      objectReference: {fileID: 0}
    m_RemovedComponents: []
  m_ParentPrefab: {fileID: 100100000, guid: 7ad057459a0200a49b7e5975f27e55a2, type: 2}
  m_IsPrefabParent: 0
--- !u!1001 &1740016884
Prefab:
  m_ObjectHideFlags: 0
  serializedVersion: 2
  m_Modification:
    m_TransformParent: {fileID: 2033726788}
    m_Modifications:
    - target: {fileID: 4782770618699698, guid: 039b245f730271a43a54734eac834fe0, type: 2}
      propertyPath: m_LocalPosition.x
      value: 7.275
      objectReference: {fileID: 0}
    - target: {fileID: 4782770618699698, guid: 039b245f730271a43a54734eac834fe0, type: 2}
      propertyPath: m_LocalPosition.y
      value: 0
      objectReference: {fileID: 0}
    - target: {fileID: 4782770618699698, guid: 039b245f730271a43a54734eac834fe0, type: 2}
      propertyPath: m_LocalPosition.z
      value: 0
      objectReference: {fileID: 0}
    - target: {fileID: 4782770618699698, guid: 039b245f730271a43a54734eac834fe0, type: 2}
      propertyPath: m_LocalRotation.x
      value: -0.7071068
      objectReference: {fileID: 0}
    - target: {fileID: 4782770618699698, guid: 039b245f730271a43a54734eac834fe0, type: 2}
      propertyPath: m_LocalRotation.y
      value: -0
      objectReference: {fileID: 0}
    - target: {fileID: 4782770618699698, guid: 039b245f730271a43a54734eac834fe0, type: 2}
      propertyPath: m_LocalRotation.z
      value: -0
      objectReference: {fileID: 0}
    - target: {fileID: 4782770618699698, guid: 039b245f730271a43a54734eac834fe0, type: 2}
      propertyPath: m_LocalRotation.w
      value: 0.7071068
      objectReference: {fileID: 0}
    - target: {fileID: 4782770618699698, guid: 039b245f730271a43a54734eac834fe0, type: 2}
      propertyPath: m_RootOrder
      value: 3
      objectReference: {fileID: 0}
    - target: {fileID: 4782770618699698, guid: 039b245f730271a43a54734eac834fe0, type: 2}
      propertyPath: m_LocalScale.y
      value: 1
      objectReference: {fileID: 0}
    - target: {fileID: 4782770618699698, guid: 039b245f730271a43a54734eac834fe0, type: 2}
      propertyPath: m_LocalScale.z
      value: 1
      objectReference: {fileID: 0}
    m_RemovedComponents: []
  m_ParentPrefab: {fileID: 100100000, guid: 039b245f730271a43a54734eac834fe0, type: 2}
  m_IsPrefabParent: 0
--- !u!1001 &1908790963
Prefab:
  m_ObjectHideFlags: 0
  serializedVersion: 2
  m_Modification:
    m_TransformParent: {fileID: 2033726788}
    m_Modifications:
    - target: {fileID: 4859924979336690, guid: e1751dfe1d3f9bd469d945e3537f8320, type: 2}
      propertyPath: m_LocalPosition.x
      value: 2.76
      objectReference: {fileID: 0}
    - target: {fileID: 4859924979336690, guid: e1751dfe1d3f9bd469d945e3537f8320, type: 2}
      propertyPath: m_LocalPosition.y
      value: -5.54
      objectReference: {fileID: 0}
    - target: {fileID: 4859924979336690, guid: e1751dfe1d3f9bd469d945e3537f8320, type: 2}
      propertyPath: m_LocalPosition.z
      value: 0
      objectReference: {fileID: 0}
    - target: {fileID: 4859924979336690, guid: e1751dfe1d3f9bd469d945e3537f8320, type: 2}
      propertyPath: m_LocalRotation.x
      value: -0.7071068
      objectReference: {fileID: 0}
    - target: {fileID: 4859924979336690, guid: e1751dfe1d3f9bd469d945e3537f8320, type: 2}
      propertyPath: m_LocalRotation.y
      value: -0
      objectReference: {fileID: 0}
    - target: {fileID: 4859924979336690, guid: e1751dfe1d3f9bd469d945e3537f8320, type: 2}
      propertyPath: m_LocalRotation.z
      value: -0
      objectReference: {fileID: 0}
    - target: {fileID: 4859924979336690, guid: e1751dfe1d3f9bd469d945e3537f8320, type: 2}
      propertyPath: m_LocalRotation.w
      value: 0.7071068
      objectReference: {fileID: 0}
    - target: {fileID: 4859924979336690, guid: e1751dfe1d3f9bd469d945e3537f8320, type: 2}
      propertyPath: m_RootOrder
      value: 2
      objectReference: {fileID: 0}
    - target: {fileID: 4859924979336690, guid: e1751dfe1d3f9bd469d945e3537f8320, type: 2}
      propertyPath: m_LocalScale.y
      value: 1
      objectReference: {fileID: 0}
    - target: {fileID: 4859924979336690, guid: e1751dfe1d3f9bd469d945e3537f8320, type: 2}
      propertyPath: m_LocalScale.z
      value: 1
      objectReference: {fileID: 0}
    m_RemovedComponents: []
  m_ParentPrefab: {fileID: 100100000, guid: e1751dfe1d3f9bd469d945e3537f8320, type: 2}
  m_IsPrefabParent: 0
--- !u!1001 &1924420470
Prefab:
  m_ObjectHideFlags: 0
  serializedVersion: 2
  m_Modification:
    m_TransformParent: {fileID: 2033726788}
    m_Modifications:
    - target: {fileID: 4194924739420122, guid: 83192457992617e45b8f22655490876f, type: 2}
      propertyPath: m_LocalPosition.x
      value: 7.54
      objectReference: {fileID: 0}
    - target: {fileID: 4194924739420122, guid: 83192457992617e45b8f22655490876f, type: 2}
      propertyPath: m_LocalPosition.y
      value: -6.17
      objectReference: {fileID: 0}
    - target: {fileID: 4194924739420122, guid: 83192457992617e45b8f22655490876f, type: 2}
      propertyPath: m_LocalPosition.z
      value: 0
      objectReference: {fileID: 0}
    - target: {fileID: 4194924739420122, guid: 83192457992617e45b8f22655490876f, type: 2}
      propertyPath: m_LocalRotation.x
      value: -0.7071068
      objectReference: {fileID: 0}
    - target: {fileID: 4194924739420122, guid: 83192457992617e45b8f22655490876f, type: 2}
      propertyPath: m_LocalRotation.y
      value: -0
      objectReference: {fileID: 0}
    - target: {fileID: 4194924739420122, guid: 83192457992617e45b8f22655490876f, type: 2}
      propertyPath: m_LocalRotation.z
      value: -0
      objectReference: {fileID: 0}
    - target: {fileID: 4194924739420122, guid: 83192457992617e45b8f22655490876f, type: 2}
      propertyPath: m_LocalRotation.w
      value: 0.7071068
      objectReference: {fileID: 0}
    - target: {fileID: 4194924739420122, guid: 83192457992617e45b8f22655490876f, type: 2}
      propertyPath: m_RootOrder
      value: 18
      objectReference: {fileID: 0}
    - target: {fileID: 4194924739420122, guid: 83192457992617e45b8f22655490876f, type: 2}
      propertyPath: m_LocalScale.y
      value: 1
      objectReference: {fileID: 0}
    - target: {fileID: 4194924739420122, guid: 83192457992617e45b8f22655490876f, type: 2}
      propertyPath: m_LocalScale.z
      value: 1
      objectReference: {fileID: 0}
    m_RemovedComponents: []
  m_ParentPrefab: {fileID: 100100000, guid: 83192457992617e45b8f22655490876f, type: 2}
  m_IsPrefabParent: 0
--- !u!4 &1964761819 stripped
Transform:
  m_PrefabParentObject: {fileID: 4859924979336690, guid: e1751dfe1d3f9bd469d945e3537f8320,
    type: 2}
  m_PrefabInternal: {fileID: 1908790963}
--- !u!1001 &1982310620
Prefab:
  m_ObjectHideFlags: 0
  serializedVersion: 2
  m_Modification:
    m_TransformParent: {fileID: 2033726788}
    m_Modifications:
    - target: {fileID: 4967289912243710, guid: 97182de25a3c50f4797554ef9f9cc642, type: 2}
      propertyPath: m_LocalPosition.x
      value: 12.24
      objectReference: {fileID: 0}
    - target: {fileID: 4967289912243710, guid: 97182de25a3c50f4797554ef9f9cc642, type: 2}
      propertyPath: m_LocalPosition.y
      value: -7.13
      objectReference: {fileID: 0}
    - target: {fileID: 4967289912243710, guid: 97182de25a3c50f4797554ef9f9cc642, type: 2}
      propertyPath: m_LocalPosition.z
      value: 0
      objectReference: {fileID: 0}
    - target: {fileID: 4967289912243710, guid: 97182de25a3c50f4797554ef9f9cc642, type: 2}
      propertyPath: m_LocalRotation.x
      value: -0.7071068
      objectReference: {fileID: 0}
    - target: {fileID: 4967289912243710, guid: 97182de25a3c50f4797554ef9f9cc642, type: 2}
      propertyPath: m_LocalRotation.y
      value: -0
      objectReference: {fileID: 0}
    - target: {fileID: 4967289912243710, guid: 97182de25a3c50f4797554ef9f9cc642, type: 2}
      propertyPath: m_LocalRotation.z
      value: -0
      objectReference: {fileID: 0}
    - target: {fileID: 4967289912243710, guid: 97182de25a3c50f4797554ef9f9cc642, type: 2}
      propertyPath: m_LocalRotation.w
      value: 0.7071068
      objectReference: {fileID: 0}
    - target: {fileID: 4967289912243710, guid: 97182de25a3c50f4797554ef9f9cc642, type: 2}
      propertyPath: m_RootOrder
      value: 15
      objectReference: {fileID: 0}
    - target: {fileID: 4967289912243710, guid: 97182de25a3c50f4797554ef9f9cc642, type: 2}
      propertyPath: m_LocalScale.y
      value: 1
      objectReference: {fileID: 0}
    - target: {fileID: 4967289912243710, guid: 97182de25a3c50f4797554ef9f9cc642, type: 2}
      propertyPath: m_LocalScale.z
      value: 1
      objectReference: {fileID: 0}
    m_RemovedComponents: []
  m_ParentPrefab: {fileID: 100100000, guid: 97182de25a3c50f4797554ef9f9cc642, type: 2}
  m_IsPrefabParent: 0
--- !u!4 &2033443081 stripped
Transform:
  m_PrefabParentObject: {fileID: 4967289912243710, guid: 97182de25a3c50f4797554ef9f9cc642,
    type: 2}
  m_PrefabInternal: {fileID: 1982310620}
--- !u!1 &2033726787
GameObject:
  m_ObjectHideFlags: 0
  m_PrefabParentObject: {fileID: 0}
  m_PrefabInternal: {fileID: 0}
  serializedVersion: 5
  m_Component:
  - component: {fileID: 2033726788}
  m_Layer: 0
  m_Name: Weapons
  m_TagString: Untagged
  m_Icon: {fileID: 0}
  m_NavMeshLayer: 0
  m_StaticEditorFlags: 0
  m_IsActive: 1
--- !u!4 &2033726788
Transform:
  m_ObjectHideFlags: 0
  m_PrefabParentObject: {fileID: 0}
  m_PrefabInternal: {fileID: 0}
  m_GameObject: {fileID: 2033726787}
  m_LocalRotation: {x: 0, y: 0, z: 0, w: 1}
  m_LocalPosition: {x: 0, y: 0, z: 0}
  m_LocalScale: {x: 1, y: 1, z: 1}
  m_Children:
  - {fileID: 1434306977}
  - {fileID: 425309050}
  - {fileID: 1964761819}
  - {fileID: 1403393613}
  - {fileID: 1554123094}
  - {fileID: 1088788864}
  - {fileID: 494370182}
  - {fileID: 326344453}
  - {fileID: 444648308}
  - {fileID: 445184235}
  - {fileID: 2090746504}
  - {fileID: 521325857}
  - {fileID: 2035230947}
  - {fileID: 169713086}
  - {fileID: 1584902941}
  - {fileID: 2033443081}
  - {fileID: 483261840}
  - {fileID: 1507961831}
  - {fileID: 991137304}
  m_Father: {fileID: 0}
  m_RootOrder: 3
  m_LocalEulerAnglesHint: {x: 0, y: 0, z: 0}
--- !u!4 &2035230947 stripped
Transform:
  m_PrefabParentObject: {fileID: 4528452102448506, guid: 102ecee0ba6f62148966cf8841d3e52c,
    type: 2}
  m_PrefabInternal: {fileID: 936426758}
--- !u!1001 &2088407656
Prefab:
  m_ObjectHideFlags: 0
  serializedVersion: 2
  m_Modification:
    m_TransformParent: {fileID: 2033726788}
    m_Modifications:
    - target: {fileID: 4368968188966298, guid: d31adc0ee2383424199a544c95b1d306, type: 2}
      propertyPath: m_LocalPosition.x
      value: 5.07
      objectReference: {fileID: 0}
    - target: {fileID: 4368968188966298, guid: d31adc0ee2383424199a544c95b1d306, type: 2}
      propertyPath: m_LocalPosition.y
      value: -4.79
      objectReference: {fileID: 0}
    - target: {fileID: 4368968188966298, guid: d31adc0ee2383424199a544c95b1d306, type: 2}
      propertyPath: m_LocalPosition.z
      value: 0
      objectReference: {fileID: 0}
    - target: {fileID: 4368968188966298, guid: d31adc0ee2383424199a544c95b1d306, type: 2}
      propertyPath: m_LocalRotation.x
      value: -0.7071068
      objectReference: {fileID: 0}
    - target: {fileID: 4368968188966298, guid: d31adc0ee2383424199a544c95b1d306, type: 2}
      propertyPath: m_LocalRotation.y
      value: -0
      objectReference: {fileID: 0}
    - target: {fileID: 4368968188966298, guid: d31adc0ee2383424199a544c95b1d306, type: 2}
      propertyPath: m_LocalRotation.z
      value: -0
      objectReference: {fileID: 0}
    - target: {fileID: 4368968188966298, guid: d31adc0ee2383424199a544c95b1d306, type: 2}
      propertyPath: m_LocalRotation.w
      value: 0.7071068
      objectReference: {fileID: 0}
    - target: {fileID: 4368968188966298, guid: d31adc0ee2383424199a544c95b1d306, type: 2}
      propertyPath: m_RootOrder
      value: 11
      objectReference: {fileID: 0}
    - target: {fileID: 4368968188966298, guid: d31adc0ee2383424199a544c95b1d306, type: 2}
      propertyPath: m_LocalScale.y
      value: 1
      objectReference: {fileID: 0}
    - target: {fileID: 4368968188966298, guid: d31adc0ee2383424199a544c95b1d306, type: 2}
      propertyPath: m_LocalScale.z
      value: 1
      objectReference: {fileID: 0}
    m_RemovedComponents: []
  m_ParentPrefab: {fileID: 100100000, guid: d31adc0ee2383424199a544c95b1d306, type: 2}
  m_IsPrefabParent: 0
--- !u!4 &2090746504 stripped
Transform:
  m_PrefabParentObject: {fileID: 4932889332286940, guid: c3e8534306962db4dba7e8054b633a20,
    type: 2}
  m_PrefabInternal: {fileID: 1295055694}
